<record><leader>03169cam a2200517 i 4500</leader><controlfield tag="001">6805050</controlfield><controlfield tag="003">OCoLC</controlfield><controlfield tag="005">20150317131047.0</controlfield><controlfield tag="008">140721t20152015enka     b    001 0 eng  </controlfield><datafield ind1=" " ind2=" " tag="010"><subfield code="a">  2014020865</subfield></datafield><datafield ind1=" " ind2=" " tag="020"><subfield code="a">9781845195694 (hb : alk. paper)</subfield></datafield><datafield ind1=" " ind2=" " tag="020"><subfield code="a">1845195698 (hb : alk. paper)</subfield></datafield><datafield ind1=" " ind2=" " tag="035"><subfield code="a">ocn884439736</subfield></datafield><datafield ind1=" " ind2=" " tag="039"><subfield code="a">exclude</subfield></datafield><datafield ind1=" " ind2=" " tag="040"><subfield code="a">DLC</subfield><subfield code="b">eng</subfield><subfield code="e">rda</subfield><subfield code="c">DLC</subfield><subfield code="d">BDX</subfield><subfield code="d">AEU</subfield></datafield><datafield ind1=" " ind2=" " tag="042"><subfield code="a">pcc</subfield></datafield><datafield ind1=" " ind2=" " tag="043"><subfield code="a">a-is---</subfield></datafield><datafield ind1="0" ind2="0" tag="050"><subfield code="a">JV6255</subfield><subfield code="b">.N37 2015</subfield></datafield><datafield ind1="0" ind2="0" tag="082"><subfield code="a">325/.1</subfield><subfield code="2">23</subfield></datafield><datafield ind1=" " ind2=" " tag="090"><subfield code="a">JV6255 .N37 2015</subfield><subfield code="b">AEGMCT</subfield></datafield><datafield ind1=" " ind2=" " tag="090"><subfield code="a">JV 6255 N37 2015</subfield><subfield code="b">AEU</subfield></datafield><datafield ind1="0" ind2="4" tag="245"><subfield code="a">The nation state and immigration :</subfield><subfield code="b">the age of population movements /</subfield><subfield code="c">edited by Anita Shapira, Yedidia Z. Stern, Alexander Yakobson and Liav Orgad.</subfield></datafield><datafield ind1=" " ind2="1" tag="264"><subfield code="a">Brighton ;</subfield><subfield code="a">Chicago, IL :</subfield><subfield code="b">Sussex Academic Press,</subfield><subfield code="c">2015.</subfield></datafield><datafield ind1=" " ind2="4" tag="264"><subfield code="c">&#169;2015</subfield></datafield><datafield ind1=" " ind2=" " tag="300"><subfield code="a">vi, 236 pages :</subfield><subfield code="b">illustrations ;</subfield><subfield code="c">24 cm.</subfield></datafield><datafield ind1=" " ind2=" " tag="336"><subfield code="a">text</subfield><subfield code="b">txt</subfield><subfield code="2">rdacontent</subfield></datafield><datafield ind1=" " ind2=" " tag="337"><subfield code="a">unmediated</subfield><subfield code="b">n</subfield><subfield code="2">rdamedia</subfield></datafield><datafield ind1=" " ind2=" " tag="338"><subfield code="a">volume</subfield><subfield code="b">nc</subfield><subfield code="2">rdacarrier</subfield></datafield><datafield ind1="1" ind2=" " tag="490"><subfield code="a">Contemporary challenges to the nation state : global and Israeli perspectives ;</subfield><subfield code="v">volume III</subfield></datafield><datafield ind1=" " ind2=" " tag="504"><subfield code="a">Includes bibliographical references and index.</subfield></datafield><datafield ind1="0" ind2=" " tag="505"><subfield code="a">Nation-building narratives : implications for immigrants and minorities / Meral Ugur Cinar and Rogers M. Smith -- Liberal law and the integration of Islam / Christian Joppke -- Bargains and contracts in immigrant integration : the United States, Europe, and Israel / Noah Pickus -- Refugee burden-sharing : a modest proposal, fifteen years later / Peter H. Schuck -- The end of the French melting pot paradigm? : between assimilation and expulsion : a reconsideration of the Popular Front / Pierre Birnbaum -- Liberalism, allegiance, and obedience : loyalty oaths in a liberal democracy / Liav Orgad -- Learning from comparison : a transatlantic comparison of immigration policy / Martin A. Schain -- Are immigration rights constitutional rights in Israel? / Ariel L. Bendor -- The Israeli law of return : justification and pitfalls / Amnon Rubinstein -- A Jewish state, multiculturalism, the law of return, and non-Jewish immigration / Alexander Yakobson.</subfield></datafield><datafield ind1=" " ind2=" " tag="596"><subfield code="a">29 43</subfield></datafield><datafield ind1=" " ind2="0" tag="650"><subfield code="a">Emigration and immigration</subfield><subfield code="x">Political aspects.</subfield></datafield><datafield ind1=" " ind2="0" tag="650"><subfield code="a">Emigration and immigration</subfield><subfield code="x">Social aspects.</subfield></datafield><datafield ind1=" " ind2="0" tag="650"><subfield code="a">Emigration and immigration</subfield><subfield code="x">Government policy.</subfield></datafield><datafield ind1=" " ind2="0" tag="650"><subfield code="a">Nation-state.</subfield></datafield><datafield ind1=" " ind2="0" tag="651"><subfield code="a">Israel</subfield><subfield code="x">Emigration and immigration</subfield><subfield code="x">Political aspects.</subfield></datafield><datafield ind1=" " ind2="0" tag="651"><subfield code="a">Israel</subfield><subfield code="x">Emigration and immigration</subfield><subfield code="x">Social aspects.</subfield></datafield><datafield ind1=" " ind2="0" tag="651"><subfield code="a">Israel</subfield><subfield code="x">Emigration and immigration</subfield><subfield code="x">Government policy.</subfield></datafield><datafield ind1="1" ind2=" " tag="700"><subfield code="a">Shapira, Anita,</subfield><subfield code="e">editor of compilation.</subfield></datafield><datafield ind1="1" ind2=" " tag="700"><subfield code="a">Stern, Yedidia Z.,</subfield><subfield code="e">editor of compilation.</subfield></datafield><datafield ind1="1" ind2=" " tag="700"><subfield code="a">Yakobson, Alexander,</subfield><subfield code="e">editor of compilation.</subfield></datafield><datafield ind1=" " ind2="0" tag="830"><subfield code="a">Contemporary challenges to the nation state ;</subfield><subfield code="v">v. 3.</subfield></datafield><datafield ind1=" " ind2=" " tag="949"><subfield code="a">JV6255 .N37 2015</subfield><subfield code="h">GMCT-OS-B</subfield><subfield code="i">1007407172</subfield><subfield code="p">61.91</subfield><subfield code="k">AVAIL_SOON</subfield></datafield><datafield ind1=" " ind2=" " tag="926"><subfield code="a">JV6255 .N37 2015</subfield><subfield code="w">LC</subfield><subfield code="c">1</subfield><subfield code="i">1007407172</subfield><subfield code="d">2/26/2016</subfield><subfield code="l">ON_SHELF</subfield><subfield code="m">GR_MACEWAN</subfield><subfield code="p">$61.91</subfield><subfield code="q">1</subfield><subfield code="r">Y</subfield><subfield code="s">Y</subfield><subfield code="t">BOOK</subfield><subfield code="u">3/25/2015</subfield></datafield><datafield ind1=" " ind2=" " tag="926"><subfield code="a">JV 6255 N37 2015</subfield><subfield code="w">LC</subfield><subfield code="c">1</subfield><subfield code="i">0162035278926</subfield><subfield code="d">2/17/2017</subfield><subfield code="e">2/17/2017</subfield><subfield code="k">CHECKEDOUT</subfield><subfield code="l">ON_SHELF</subfield><subfield code="m">UAHSS</subfield><subfield code="n">3</subfield><subfield code="p">$150.00</subfield><subfield code="r">M</subfield><subfield code="s">Y</subfield><subfield code="t">BOOK</subfield><subfield code="u">4/29/2015</subfield><subfield code="z">COUTTS_ADD</subfield></datafield></record>